%% This BibTeX bibliography file was created using BibDesk.
%% https://bibdesk.sourceforge.io/

%% Created for Mylo_Xyloto at 2021-10-15 23:32:57 +0800 


%% Saved with string encoding Unicode (UTF-8) 



@book{b1,
	address = {北京},
	author = {程其襄 and 张奠宙 and 胡善文 and 薛以锋},
	edition = {第四版},
	month = {6},
	publisher = {高等教育出版社},
	title = {实变函数与泛函分析基础},
	year = {2019}}

@book{b2,
	address = {北京},
	author = {周民强},
	edition = {第3版},
	month = {10},
	publisher = {北京大学出版社},
	title = {实变函数论},
	year = {2016}}

@book{b3,
	address = {北京},
	author = {徐森林 and 薛春华},
	month = {8},
	publisher = {清华大学出版社},
	title = {实变函数论},
	year = {2009}}

@book{b4,
	address = {北京},
	author = {汪林},
	month = {1},
	number = {39},
	publisher = {高等教育出版社},
	series = {现代数学基础},
	title = {实分析中反例},
	year = {2014}}

@book{b5,
	address = {北京},
	author = {夏道行 and 吴卓人 and 严绍宗 and 舒五昌},
	edition = {第二版修订本},
	month = {1},
	publisher = {高等教育出版社},
	title = {实变函数论与泛函分析},
	year = {2010}}
